<record><leader>00000cas a2200000 a 4500</leader><controlfield tag="001">10515645</controlfield><controlfield tag="008">840313d19281965ksuwr ne      0   a0eng d</controlfield><datafield ind1=" " ind2=" " tag="010"><subfield code="a">sn 83041043 </subfield></datafield><datafield ind1=" " ind2=" " tag="040"><subfield code="a">KSH</subfield><subfield code="b">eng</subfield><subfield code="c">KSH</subfield><subfield code="d">NPT</subfield><subfield code="d">OCL</subfield><subfield code="d">OCLCQ</subfield></datafield><datafield ind1=" " ind2=" " tag="042"><subfield code="a">msc</subfield></datafield><datafield ind1=" " ind2=" " tag="043"><subfield code="a">n-us-ks</subfield></datafield><datafield ind1="0" ind2="4" tag="245"><subfield code="a">The Weir spectator.</subfield></datafield><datafield ind1=" " ind2=" " tag="260"><subfield code="a">Weir, Kan. :</subfield><subfield code="b">O.P. Butler,</subfield><subfield code="c">-1965.</subfield></datafield><datafield ind1=" " ind2=" " tag="300"><subfield code="a">v. :</subfield><subfield code="b">ill. ;</subfield><subfield code="c">49 cm.</subfield></datafield><datafield ind1=" " ind2=" " tag="310"><subfield code="a">Weekly</subfield></datafield><datafield ind1="0" ind2=" " tag="362"><subfield code="a">-v. 47, no. 10 (Jan. 14, 1965).</subfield></datafield><datafield ind1="1" ind2=" " tag="362"><subfield code="a">Began in 1928.</subfield><subfield code="z">Cf. Ayer, 1932.</subfield></datafield><datafield ind1=" " ind2=" " tag="500"><subfield code="a">Publisher varies.</subfield></datafield><datafield ind1=" " ind2=" " tag="588"><subfield code="a">Description based on: Vol. 1, no. 31 (0ct. 4, 1928).</subfield></datafield><datafield ind1=" " ind2=" " tag="752"><subfield code="a">United States</subfield><subfield code="b">Kansas</subfield><subfield code="c">Cherokee</subfield><subfield code="d">Weir.</subfield></datafield><datafield ind1="0" ind2="5" tag="780"><subfield code="t">Cherokee sentinel</subfield><subfield code="g">July 1958</subfield><subfield code="w">(DLC)sn 84029180</subfield></datafield><datafield ind1="1" ind2=" " tag="029"><subfield code="a">AU@</subfield><subfield code="b">000020409801</subfield></datafield></record>